 @misc{ MIPS,
 	author={MIPS},
 	title = {},
 	howpublished = {\url{
    https://aur.archlinux.org/packages/cross-mips-elf-gcc/
 	}},
 	year = {},
 	note = {[Online; acessado 15-Setembro-2017]}
 }

 @misc{alterat,
 	author={Altera},
 	title = {Multicorner Timing},
 	howpublished = {\url{
 	http://quartushelp.altera.com/15.0/mergedProjects/report/rpt/rpt\_file\_multicorner\_timing.htm
 	}},
 	year = {},
 	note = {[Online; acessado 4-Outubro-2017]}
 }


