 @misc{ MIPS,
 	author={MIPS},
 	title = {},
 	howpublished = {\url{
    https://aur.archlinux.org/packages/cross-mips-elf-gcc/
 	}},
 	year = {},
 	note = {[Online; acessado 15-Setembro-2017]}
 }

 @book{mipsrun,
  author = {Sweetman, Dominic},
  title = {See MIPS Run},
  year = {2005},
  isbn = {9780080525235},
  edition = {2},
  publisher = {Morgan Kaufmann Publishers Inc.},
  address = {San Francisco, CA, USA},
 }
